@misc{googlecodesearch,
  title = {Code Search},
  howpublished = {\url{https://cs.android.com/}},
  author = {Google},
  note = {Accessed: 2023-05-01}
}

@misc{jetbrains,
  title = {Tools for software developers},
  howpublished = {\url{https://www.jetbrains.com/}},
  author = {JetBrains},
  note = {Accessed: 2023-05-01}
} 

@misc{repovisualizer,
  title = {Repo Visualizer},
  howpublished = {\url{https://githubnext.com/projects/repo-visualization}},
  author = {Amelia Wattenberger},
  note = {Accessed: 2023-05-01}
} 

@misc{gitkraken,
  title = {GitKraken},
  howpublished = {\url{https://www.gitkraken.com}},
  note = {Accessed: 2023-05-01}
}

@misc{sourcegraph,
  title = {Source Graph},
  howpublished = {\url{https://sourcegraph.com}},
  note = {Accessed: 2023-05-01}
}

@misc{gitinternals,
  title = {Git Internals},
  howpublished = {\url{https://git.harshkapadia.me/}},
  author = {Harsh Kapadia},
  note = {Accessed: 2023-05-01}
}

@misc{gitdocs,
  title = {Git Docs},
  howpublished = {\url{https://git-scm.com/docs/}},
  author = {Software Freedom Conservancy},
  note = {Accessed: 2023-05-01}
}

@misc{gitrestapi,
  title = {Git REST API},
  howpublished = {\url{https://docs.github.com/en/rest?apiVersion=2022-11-28}},
  author = {Github},
  note = {Accessed: 2023-05-01}
}

@misc{gource,
  title = {Gource},
  howpublished = {\url{https://gource.io/}},
  author = { Andrew Caudwell },
  note = {Accessed: 2023-05-01}
}

@misc{yum,
  title = {Yum},
  howpublished = {\url{https://fedoraproject.org/wiki/Yum}},
  author = { Redhat },
  note = {Accessed: 2023-05-01}
}

@misc{sourcetree,
  title = {Sourcetree},
  howpublished = {\url{https://www.sourcetreeapp.com}},
  note = {Accessed: 2023-05-01}
}

@misc{github_desktop,
  title = {GitHub Desktop},
  howpublished = {\url{https://desktop.github.com}},
  note = {Accessed: 2023-05-01}
}

@misc{gitlens,
  title = {GitLens},
  howpublished = {\url{https://gitlens.amod.io}},
  note = {Accessed: 2023-05-01}
}

@misc{threeforcegraph,
  title = {ThreeJS Force Directed Graph},
  howpublished = {\url{https://github.com/vasturiano/three-forcegraph}},
  author = {Vasco Asturiano},
  note = {Accessed: 2023-05-01}
}

@misc{3dforcegraph,
  title = {3D Force-Directed Graph},
  howpublished = {\url{https://github.com/vasturiano/3d-force-graph}},
  author = {Vasco Asturiano},
  note = {Accessed: 2023-05-01}
}

@misc{linux,
  title = {Linux Kernel Github},
  howpublished = {\url{https://github.com/torvalds/linux}},
  author = { Linus Torvalds },
  note = {Accessed: 2023-05-01}
}

@misc{angularmaterial,
  title = {Angular Material UI Components},
  howpublished = {\url{https://material.angular.io/}},
  author = { Google },
  note = {Accessed: 2023-05-01}
}

@misc{vscodewebview,
  title = {VSCode Webview API},
  howpublished = {\url{https://code.visualstudio.com/api/extension-guides/webview}},
  author = { Microsoft },
  note = {Accessed: 2023-05-01}
}

@misc{vscodewebviewtoolkit,
  title = {VSCode Webview UI Tookit Samples},
  howpublished = {\url{https://github.com/microsoft/vscode-webview-ui-toolkit-samples}},
  author = { Microsoft },
  note = {Accessed: 2023-05-01}
}